<?xml version="1.0" encoding="UTF-8"?>
<collection xmlns:xsi="http://www.w3.org/2001/XMLSchema-instance" xsi:schemaLocation="http://www.loc.gov/MARC21/slim http://www.loc.gov/standards/marcxml/schema/MARC21slim.xsd" xmlns="http://www.loc.gov/MARC21/slim">
<record>
  <leader>02406cam a2200433Ia 4500</leader>
  <controlfield tag="001">4891350</controlfield>
  <controlfield tag="003">NNC</controlfield>
  <controlfield tag="005">20160118124314.0</controlfield>
  <controlfield tag="008">931130s1870    tu            000 0 arard</controlfield>
  <datafield tag="035" ind1=" " ind2=" ">
    <subfield code="a">(NNC)4891350</subfield>
  </datafield>
  <datafield tag="035" ind1=" " ind2=" ">
    <subfield code="a">(OCoLC)ocm23716282</subfield>
  </datafield>
  <datafield tag="035" ind1=" " ind2=" ">
    <subfield code="a">(OCoLC)23716282</subfield>
  </datafield>
  <datafield tag="040" ind1=" " ind2=" ">
    <subfield code="a">WAU</subfield>
    <subfield code="b">eng</subfield>
    <subfield code="c">WAU</subfield>
    <subfield code="d">OCLCQ</subfield>
    <subfield code="d">OCLCG</subfield>
    <subfield code="d">CLU</subfield>
    <subfield code="d">OCLCQ</subfield>
    <subfield code="d">OCLCA</subfield>
    <subfield code="d">OCLCF</subfield>
    <subfield code="d">OCLCQ</subfield>
  </datafield>
  <datafield tag="043" ind1=" " ind2=" ">
    <subfield code="a">aw-----</subfield>
    <subfield code="a">ff-----</subfield>
    <subfield code="a">ar-----</subfield>
  </datafield>
  <datafield tag="050" ind1=" " ind2="4">
    <subfield code="a">DS234</subfield>
    <subfield code="b">.A15 1870</subfield>
  </datafield>
  <datafield tag="100" ind1="0" ind2=" ">
    <subfield code="6">880-01</subfield>
    <subfield code="a">Abū al-Fidāʼ Ismāʻīl ibn ʻAlī,</subfield>
    <subfield code="d">1273-1331.</subfield>
  </datafield>
  <datafield tag="240" ind1="1" ind2="0">
    <subfield code="6">880-02</subfield>
    <subfield code="a">Mukhtaṣar fī akhbār al-bashar</subfield>
  </datafield>
  <datafield tag="245" ind1="1" ind2="0">
    <subfield code="6">880-03</subfield>
    <subfield code="a">Tārīkh al-Malik al-muʼayyad Ismāʼīl Abī al-Fidā ṣāḥib Ḥamāh raḥaimahu Allāh taʻālá.</subfield>
  </datafield>
  <datafield tag="246" ind1="3" ind2=" ">
    <subfield code="6">880-04</subfield>
    <subfield code="a">Tārīkh Abī al-Fidā</subfield>
  </datafield>
  <datafield tag="260" ind1=" " ind2=" ">
    <subfield code="6">880-05</subfield>
    <subfield code="a">Qisṭanṭīnīyah :</subfield>
    <subfield code="b">Dār al-Ṭibāʻah al-ʻĀmirah al-Shāhānīyah,</subfield>
    <subfield code="c">1286 [i.e. 1870 or 1871]</subfield>
  </datafield>
  <datafield tag="300" ind1=" " ind2=" ">
    <subfield code="a">4 volumes in 1 ;</subfield>
    <subfield code="c">26 cm</subfield>
  </datafield>
  <datafield tag="336" ind1=" " ind2=" ">
    <subfield code="a">text</subfield>
    <subfield code="b">txt</subfield>
    <subfield code="2">rdacontent</subfield>
  </datafield>
  <datafield tag="337" ind1=" " ind2=" ">
    <subfield code="a">unmediated</subfield>
    <subfield code="b">n</subfield>
    <subfield code="2">rdamedia</subfield>
  </datafield>
  <datafield tag="338" ind1=" " ind2=" ">
    <subfield code="a">volume</subfield>
    <subfield code="b">nc</subfield>
    <subfield code="2">rdacarrier</subfield>
  </datafield>
  <datafield tag="500" ind1=" " ind2=" ">
    <subfield code="a">Published also under title: al-Mukhtaṣar fī akhbār al-bashar.</subfield>
  </datafield>
  <datafield tag="651" ind1=" " ind2="0">
    <subfield code="a">Islamic Empire</subfield>
    <subfield code="x">History</subfield>
    <subfield code="v">Early works to 1800.</subfield>
  </datafield>
  <datafield tag="651" ind1=" " ind2="0">
    <subfield code="a">Arabian Peninsula</subfield>
    <subfield code="x">History</subfield>
    <subfield code="v">Early works to 1800.</subfield>
  </datafield>
  <datafield tag="651" ind1=" " ind2="7">
    <subfield code="a">Arabian Peninsula.</subfield>
    <subfield code="2">fast</subfield>
    <subfield code="0">(OCoLC)fst01240131</subfield>
  </datafield>
  <datafield tag="651" ind1=" " ind2="7">
    <subfield code="a">Islamic Empire.</subfield>
    <subfield code="2">fast</subfield>
    <subfield code="0">(OCoLC)fst01244134</subfield>
  </datafield>
  <datafield tag="655" ind1=" " ind2="7">
    <subfield code="a">Early works.</subfield>
    <subfield code="2">fast</subfield>
    <subfield code="0">(OCoLC)fst01411636</subfield>
  </datafield>
  <datafield tag="655" ind1=" " ind2="7">
    <subfield code="a">History.</subfield>
    <subfield code="2">fast</subfield>
    <subfield code="0">(OCoLC)fst01411628</subfield>
  </datafield>
  <datafield tag="700" ind1="1" ind2=" ">
    <subfield code="a">Ibn al-Wardī, Zayn al-Dīn ʻUmar ibn al-Muẓaffar,</subfield>
    <subfield code="d">-1349.</subfield>
  </datafield>
  <datafield tag="776" ind1="0" ind2="8">
    <subfield code="i">Online version:</subfield>
    <subfield code="a">Abū al-Fidāʼ Ismāʻīl ibn ʻAlī, 1273-1331.</subfield>
    <subfield code="s">Mukhtaṣar fī akhbār al-bashar.</subfield>
    <subfield code="t">Tārīkh al-Malik al-muʼayyad Ismāʼīl Abī al-Fidā ṣāḥib Ḥamāh raḥaimahu Allāh taʻālá.</subfield>
    <subfield code="d">Qisṭanṭīnīyah : Dār al-Ṭibāʻah al-ʻĀmirah al-Shāhānīyah, 1286 [i.e. 1870 or 1871]</subfield>
    <subfield code="w">(OCoLC)875128449</subfield>
  </datafield>
  <datafield tag="880" ind1="0" ind2=" ">
    <subfield code="6">100-01/r</subfield>
    <subfield code="a">ابو الفداء اسماعيل بن علي،,</subfield>
    <subfield code="d">1273-1331.</subfield>
  </datafield>
  <datafield tag="880" ind1="1" ind2="0">
    <subfield code="6">240-02/r</subfield>
    <subfield code="a">مختصر في اخبار البشر</subfield>
  </datafield>
  <datafield tag="880" ind1="1" ind2="0">
    <subfield code="6">245-03/r</subfield>
    <subfield code="a">تاريخ الملك المؤيد اسمائيل ابي الفدا صاحب حماه رحمه الله تعالى.</subfield>
  </datafield>
  <datafield tag="880" ind1="3" ind2=" ">
    <subfield code="6">246-04/r</subfield>
    <subfield code="a">تاريخ ابي الفدا</subfield>
  </datafield>
  <datafield tag="880" ind1=" " ind2=" ">
    <subfield code="6">260-05/r</subfield>
    <subfield code="a">قسطنطينية :</subfield>
    <subfield code="b">دار الطباعة العامرة الشاهانية،</subfield>
    <subfield code="c">1286 [i.e. 1870 or 1871]</subfield>
  </datafield>
  <datafield tag="955" ind1=" " ind2=" ">
    <subfield code="b">0112923397</subfield>
    <subfield code="d">glx</subfield>
    <subfield code="e">893.7Ab93 T1</subfield>
    <subfield code="v">v.1-4</subfield>
  </datafield>
</record>
</collection>